% This file was created with JabRef 2.10.
% Encoding: Cp1252


@Article{yang2005map,
  Title                    = {The map matching algorithm of gps data with relatively long polling time intervals},
  Author                   = {Y. Jae-seok and K. Seung-pil and C. Kyung-soo},
  Journal                  = {Journal of the Eastern Asia Society for Transportation Studies},
  Year                     = {2005},
  Pages                    = {pp. 2561--2573},
  Volume                   = {6},

  Date-added               = {2015-01-08 16:50:48 +0000},
  Date-modified            = {2015-01-08 16:50:48 +0000},
  Timestamp                = {2015.01.09}
}

@Misc{accumuloonline,
  Title                    = {https://accumulo.apache.org/},

  Author                   = {Apache\_Accumulo},

  Timestamp                = {2015.01.10}
}

@Misc{kafkaweb,
  Title                    = {http://kafka.apache.org/},

  Author                   = {Apache\_Kafka},

  Owner                    = {Rimberry},
  Timestamp                = {2015.07.21}
}

@Misc{apachestormweb,
  Title                    = {https://storm.apache.org/},

  Author                   = {Apache\_Storm},
  Year                     = {2015},

  Date-modified            = {2015-01-10 18:48:23 +0000},
  Timestamp                = {2015.05.30}
}

@Book{Demiryurek2010,
  Title                    = {A Case for Time-Dependent Shortest Path Computation in Spatial Networks},
  Author                   = {Ugur Demiryurek and Farnoush Banaei-Kashani and Cyrus Shahabi},
  Publisher                = {Advances in Spatial and Temporal Databases Lecture Notes in Computer Science},
  Year                     = {2010},

  Date-added               = {2015-01-10 17:37:38 +0000},
  Date-modified            = {2015-01-10 18:52:17 +0000},
  File                     = {:Users/trungtv/SkyDrive/MendeleyDesktop/2010/Demiryurek, Banaei-kashani, Shahabi/Demiryurek, Banaei-kashani, Shahabi - A Case for Time-Dependent Shortest Path Computation in Spatial Networks.pdf:pdf},
  ISBN                     = {9781450304283},
  Journal                  = {Advances in Spatial and Temporal Databases Lecture Notes in Computer Science},
  Keywords                 = {route planning,spatial network,time-dependent shortest path},
  Mendeley-groups          = {GIS GNSS}
}

@InProceedings{fox2013spatio,
  Title                    = {Spatio-temporal indexing in non-relational distributed databases},
  Author                   = {Fox and Anthony and Eichelberger and Chris and Hughes and James and Lyon and Skylar},
  Booktitle                = {2013 IEEE International Conference on Big Data},
  Year                     = {2013},
  Organization             = {IEEE},
  Pages                    = {291--299},

  Date-added               = {2015-01-08 16:50:17 +0000},
  Date-modified            = {2015-01-08 16:50:17 +0000},
  Timestamp                = {2015.01.09}
}

@Misc{haversineweb,
  Title                    = {https://en.wikipedia.org/wiki/Haversine\_formula},

  Author                   = {Haversine\_Formula},

  Owner                    = {Rimberry},
  Timestamp                = {2015.08.02}
}

@Misc{javaspringmvc,
  Title                    = {http://projects.spring.io/spring-framework/},

  Author                   = {JavaSpringMVC},

  Owner                    = {Rimberry},
  Timestamp                = {2015.08.04}
}

@Book{learningsparkbook,
  Title                    = {Learning Spark},
  Author                   = {H. Karau and A. Konwinski and P. Wendell and M. Zaharia},
  Publisher                = {O'Reilly Media},
  Year                     = {2015},

  Owner                    = {Rimberry},
  Timestamp                = {2015.07.21}
}

@Article{kafkapaper,
  Title                    = {Kafka: a distributed messaging system for log processing},
  Author                   = {Jay Kreps and Neha Narkhede and Jun Rao},
  Journal                  = {NetDB},
  Year                     = {2011},

  Owner                    = {Rimberry},
  Timestamp                = {2015.07.21}
}

@Article{Lee2011,
  Title                    = {Discovering Traffic Bottlenecks in an Urban Network by Spatiotemporal Data Mining on Location-Based Services},
  Author                   = {Wei H. Lee and Shian S. Tseng and Jin L. Shieh and Hsiao H. Chen},
  Journal                  = {IEEE Transactions on Intelligent Transportation Systems},
  Year                     = {2011},
  Number                   = {4},
  Pages                    = {1047--1056},
  Volume                   = {12},

  Bdsk-url-1               = {http://ieeexplore.ieee.org/lpdocs/epic03/wrapper.htm?arnumber=5766752},
  Bdsk-url-2               = {http://dx.doi.org/10.1109/TITS.2011.2144586},
  Date-added               = {2015-01-10 17:33:31 +0000},
  Date-modified            = {2015-01-10 18:48:31 +0000},
  Doi                      = {10.1109/TITS.2011.2144586},
  File                     = {:Users/trungtv/SkyDrive/MendeleyDesktop/2011/Lee et al/Lee et al. - Discovering Traffic Bottlenecks in an Urban Network by Spatiotemporal Data Mining on Location-Based Services.pdf:pdf},
  ISSN                     = {1524-9050},
  Mendeley-groups          = {GIS GNSS},
  Url                      = {http://ieeexplore.ieee.org/lpdocs/epic03/wrapper.htm?arnumber=5766752}
}

@Misc{mongodbweb,
  Title                    = {https://www.mongodb.com},

  Author                   = {MongoDB},

  Owner                    = {Rimberry},
  Timestamp                = {2015.07.21}
}

@Article{noh1998map,
  Title                    = {A comprehensive analysis of map matching algorithms for ITS},
  Author                   = {Noh and Kim},
  Journal                  = {Hongik Journal of Science and Technology},
  Year                     = {1998},
  Pages                    = {pp. 303--313},
  Volume                   = {9},

  Timestamp                = {2015.01.10}
}

@Misc{openstreetmap,
  Title                    = {www.openstreetmap.org},

  Author                   = {Open\_Street\_Map},

  Owner                    = {Rimberry},
  Timestamp                = {2015.08.06}
}

@Article{moh2013approximate,
  Title                    = {Approximate k-nearest neighbour based spatial clustering using k-d tree},
  Author                   = {M. Otair},
  Journal                  = {International Journal of Database Management Systems},
  Year                     = {2013},
  Number                   = {1},
  Volume                   = {5},

  Timestamp                = {2015.01.10}
}

@Misc{posgis,
  Title                    = {http://postgis.net/},

  Author                   = {PostGis},

  Timestamp                = {2015.01.09}
}

@Book{stormappliedbook,
  Title                    = {Storm Applied: Strategies for real-time event processing},
  Author                   = {{Seen T. Allen} and {Matthew Jankowski} and {Peter Pathirana}},
  Year                     = {2015},
  Edition                  = {1st},

  Owner                    = {Rimberry},
  Timestamp                = {2015.07.21}
}

@InProceedings{shvachko2010hadoop,
  Title                    = {The hadoop distributed file system},
  Author                   = {Shvachko and Konstantin and Kuang and Hairong and Radia and Sanjay and Chansler and Robert},
  Booktitle                = {Proceedings of the 2010 IEEE 26th Symposium on Mass Storage Systems and Technologies (MSST)},
  Year                     = {2010},

  Address                  = {Washington, DC, USA},
  Pages                    = {1--10},
  Publisher                = {IEEE Computer Society},
  Series                   = {MSST '10},

  Acmid                    = {1914427},
  ISBN                     = {978-1-4244-7152-2},
  Numpages                 = {10}
}

@Misc{sparkstreamingweb,
  Title                    = {http://spark.apache.org/streaming/},

  Author                   = {Spark\_Streaming},
  Year                     = {2015},

  Date-modified            = {2015-01-10 18:48:23 +0000},
  Timestamp                = {2015.05.30}
}

@Misc{accumulatorapi,
  Title                    = {https://spark.apache.org/docs/latest/programming-guide.html\#accumulators-a-nameaccumlinka},

  Author                   = {Spark\_Streaming-Accumulator},

  Owner                    = {Rimberry},
  Timestamp                = {2015.08.01}
}

@Misc{websocket,
  Title                    = {https://www.websocket.org/},

  Author                   = {WebSocket},

  Owner                    = {Rimberry},
  Timestamp                = {2015.08.04}
}

@Misc{backendposgis,
  Title                    = {User section: http://en.wikipedia.org/wiki/PostGIS},

  Author                   = {Wikipedia},

  Timestamp                = {2015.01.09}
}

@Article{Wu:Comparisons,
  Title                    = {Comparisons Between MongoDB and MS-SQL Databases on the TWC Website},
  Author                   = {Chieh M. Wu and Yin F. Huang and John Lee},
  Journal                  = {American Journal of Software Engineering and Applications.},
  Year                     = {2015},
  Number                   = {3},
  Pages                    = {35-41},
  Volume                   = {4},

  Owner                    = {Rimberry},
  Timestamp                = {2015.07.21}
}

@InProceedings{Zaharia:2010:Spark,
  Title                    = {Spark: Cluster Computing with Working Sets},
  Author                   = {Matei Zaharia and Mosharaf Chowdhury and Michael J. Franklin and Scott Shenker and Ion Stoica},
  Booktitle                = {Proceedings of the 2Nd USENIX Conference on Hot Topics in Cloud Computing},
  Year                     = {2010},

  Address                  = {Berkeley, CA, USA},
  Pages                    = {10--10},
  Publisher                = {USENIX Association},
  Series                   = {HotCloud'10},

  Acmid                    = {1863113},
  Location                 = {Boston, MA},
  Numpages                 = {1},
  Url                      = {http://dl.acm.org/citation.cfm?id=1863103.1863113}
}

@InProceedings{Zaharia:2013:Discretized,
  Title                    = {Discretized Streams: Fault-tolerant Streaming Computation at Scale},
  Author                   = {Matei Zaharia and Tathagata Das and Haoyuan Li and Timothy Hunter and Scott Shenker and Ion Stoica},
  Booktitle                = {Proceedings of the Twenty-Fourth ACM Symposium on Operating Systems Principles},
  Year                     = {2013},
  Pages                    = {423--438},
  Publisher                = {ACM},
  Series                   = {SOSP '13},

  Acmid                    = {2522737},
  Doi                      = {10.1145/2517349.2522737},
  ISBN                     = {978-1-4503-2388-8},
  Location                 = {Farminton, Pennsylvania},
  Numpages                 = {16},
  Url                      = {http://doi.acm.org/10.1145/2517349.2522737}
}

@InProceedings{Zaharia:2012:Discretized,
  Title                    = {Discretized Streams: An Efficient and Fault-tolerant Model for Stream Processing on Large Clusters},
  Author                   = {Matei Zaharia and Tathagata Das and Haoyuan Li and Scott Shenker and Ion Stoica},
  Booktitle                = {Proceedings of the 4th USENIX Conference on Hot Topics in Cloud Ccomputing},
  Year                     = {2012},

  Address                  = {Berkeley, CA, USA},
  Pages                    = {10--10},
  Publisher                = {USENIX Association},
  Series                   = {HotCloud'12},

  Acmid                    = {2342773},
  Location                 = {Boston, MA},
  Numpages                 = {1},
  Url                      = {http://dl.acm.org/citation.cfm?id=2342763.2342773}
}

