%% This BibTeX bibliography file was created using BibDesk.
%% http://bibdesk.sourceforge.net/


%% Created for TRAN Viet Trung at 2015-01-11 01:52:29 +0700 


%% Saved with string encoding Unicode (UTF-8) 



@book{Demiryurek2010,
	Author = {Demiryurek, Ugur and Banaei-kashani, Farnoush and Shahabi, Cyrus},
	Date-Added = {2015-01-10 17:37:38 +0000},
	Date-Modified = {2015-01-10 18:52:17 +0000},
	File = {:Users/trungtv/SkyDrive/MendeleyDesktop/2010/Demiryurek, Banaei-kashani, Shahabi/Demiryurek, Banaei-kashani, Shahabi - A Case for Time-Dependent Shortest Path Computation in Spatial Networks.pdf:pdf},
	Isbn = {9781450304283},
	Journal = {Advances in Spatial and Temporal Databases Lecture Notes in Computer Science},
	Keywords = {route planning,spatial network,time-dependent shortest path},
	Mendeley-Groups = {GIS GNSS},
	Publisher = {Advances in Spatial and Temporal Databases Lecture Notes in Computer Science},
	Title = {{A Case for Time-Dependent Shortest Path Computation in Spatial Networks}},
	Year = {2010}}

@article{Lee2011,
	Author = {Lee, Wei-Hsun and Tseng, Shian-Shyong and Shieh, Jin-Lih and Chen, Hsiao-Han},
	Date-Added = {2015-01-10 17:33:31 +0000},
	Date-Modified = {2015-01-10 18:48:31 +0000},
	Doi = {10.1109/TITS.2011.2144586},
	File = {:Users/trungtv/SkyDrive/MendeleyDesktop/2011/Lee et al/Lee et al. - Discovering Traffic Bottlenecks in an Urban Network by Spatiotemporal Data Mining on Location-Based Services.pdf:pdf},
	Issn = {1524-9050},
	Journal = {IEEE Transactions on Intelligent Transportation Systems},
	Mendeley-Groups = {GIS GNSS},
	Number = {4},
	Pages = {1047--1056},
	Title = {{Discovering Traffic Bottlenecks in an Urban Network by Spatiotemporal Data Mining on Location-Based Services}},
	Url = {http://ieeexplore.ieee.org/lpdocs/epic03/wrapper.htm?arnumber=5766752},
	Volume = {12},
	Year = {2011},
	Bdsk-Url-1 = {http://ieeexplore.ieee.org/lpdocs/epic03/wrapper.htm?arnumber=5766752},
	Bdsk-Url-2 = {http://dx.doi.org/10.1109/TITS.2011.2144586}}

@misc{accumuloonline,
	Author = {Accumulo},
	Timestamp = {2015.01.10},
	Title = {https://accumulo.apache.org/}}

@inproceedings{Sivaraman2014hadoop,
	Acmid = {2624333},
	Address = {Washington, DC, USA},
	Author = {{E. Sivaraman} and {R. Manickachezian}},
	Booktitle = {Proceedings of the 2014 International Conference on Intelligent Computing Applications},
	Isbn = {978-1-4799-3966-4},
	Keywords = {Big data, Analytics, Hadoop, Hadoop Distributed File System (HDFS), Hype cycle, MapReduce, Replication, Fault tolerance, Unstructured data},
	Numpages = {5},
	Pages = {32--36},
	Publisher = {IEEE Computer Society},
	Series = {ICICA '14},
	Title = {High performance and fault tolerant distributed file system for big data storage and processing using hadoop},
	Year = {2014}}

@article{Chang2008BigTable,
	Acmid = {1365816},
	Address = {New York, NY, USA},
	Articleno = {4},
	Author = {{F. Chang} and {J. Dean} and {S. Ghemawat} and {W.C. Hsieh} and {D.A. Wallach} and {M. Burrows} and {T. Chandra} and {A. Fikes} and {R.E. Gruber}},
	Issn = {0734-2071},
	Issue_Date = {June 2008},
	Journal = {ACM Trans. Comput. Syst.},
	Keywords = {Large-Scale Distributed Storage},
	Number = {2},
	Numpages = {26},
	Pages = {pp. 4:1--4:26},
	Publisher = {ACM},
	Title = {Bigtable: a distributed storage system for structured data},
	Volume = {26},
	Year = {2008}}

@book{zookeeperbook,
	Author = {{F. Junqueira} and {B. Reed}},
	Publisher = {O'Reilly Media, Inc},
	Timestamp = {2015.01.09},
	Title = {Zookeeper: distributed process coordination},
	Year = {2013}}

@inproceedings{fox2013spatio,
	Author = {Fox and Anthony and Eichelberger and Chris and Hughes and James and Lyon and Skylar},
	Booktitle = {2013 IEEE International Conference on Big Data},
	Date-Added = {2015-01-08 16:50:17 +0000},
	Date-Modified = {2015-01-08 16:50:17 +0000},
	Organization = {IEEE},
	Pages = {291--299},
	Timestamp = {2015.01.09},
	Title = {Spatio-temporal indexing in non-relational distributed databases},
	Year = {2013}}

@book{learningspark,
	Author = {{H. Karau} and {A. Konwinski} and {P. Wendell} and {M. Zaharia}},
	Publisher = {O'Reilly Media, Inc},
	Timestamp = {2015.01.09},
	Title = {Learning spark},
	Year = {2014}}

@book{resfulbook,
	Author = {{L. Richardson} and {M. Amundsen} and {S. Ruby}},
	Publisher = {O'Reilly Media, Inc},
	Timestamp = {2015.01.10},
	Title = {Restful web apis},
	Year = {2013}}

@book{nodejsbook,
	Address = {Greenwich, CT, USA},
	Author = {{M. Cantelon} and {M. Harter} and {T.J. Holowaychuk} and {N. Rajlich}},
	Edition = {1st},
	Publisher = {Manning Publications Co.},
	Timestamp = {2015.01.10},
	Title = {Node.js in action},
	Year = {2013}}

@article{moh2013approximate,
	Author = {{M. Otair}},
	Journal = {International Journal of Database Management Systems},
	Number = {1},
	Timestamp = {2015.01.10},
	Title = {Approximate k-nearest neighbour based spatial clustering using k-d tree},
	Volume = {5},
	Year = {2013}}

@article{noh1998map,
	Author = {Noh and Kim},
	Journal = {Hongik Journal of Science and Technology},
	Pages = {pp. 303--313},
	Timestamp = {2015.01.10},
	Title = {A comprehensive analysis of map matching algorithms for ITS},
	Volume = {9},
	Year = {1998}}

@misc{posgis,
	Author = {PostGis},
	Timestamp = {2015.01.09},
	Title = {http://postgis.net/}}

@book{html5book,
	Author = {{S. Fulton} and {J. Fulton}},
	Publisher = {O'Reilly Media, Inc},
	Timestamp = {2015.01.10},
	Title = {Html5 canvas},
	Year = {2011}}

@inproceedings{shvachko2010hadoop,
	Acmid = {1914427},
	Address = {Washington, DC, USA},
	Author = {Shvachko and Konstantin and Kuang and Hairong and Radia and Sanjay and Chansler and Robert},
	Booktitle = {Proceedings of the 2010 IEEE 26th Symposium on Mass Storage Systems and Technologies (MSST)},
	Isbn = {978-1-4244-7152-2},
	Numpages = {10},
	Pages = {1--10},
	Publisher = {IEEE Computer Society},
	Series = {MSST '10},
	Title = {The hadoop distributed file system},
	Year = {2010}}

@misc{accumuloierator,
	Author = {Sqrrl},
	Date-Modified = {2015-01-10 18:48:23 +0000},
	Timestamp = {2015.01.09},
	Title = {http://sqrrl.com/iterators-accumulo/},
	Year = {2013}}

@misc{backendposgis,
	Author = {Wikipedia},
	Timestamp = {2015.01.09},
	Title = {User section: http://en.wikipedia.org/wiki/PostGIS}}

@article{yang2005map,
	Author = {{Y. Jae-seok} and {K. Seung-pil} and {C. Kyung-soo}},
	Date-Added = {2015-01-08 16:50:48 +0000},
	Date-Modified = {2015-01-08 16:50:48 +0000},
	Journal = {Journal of the Eastern Asia Society for Transportation Studies},
	Pages = {pp. 2561--2573},
	Timestamp = {2015.01.09},
	Title = {The map matching algorithm of gps data with relatively long polling time intervals},
	Volume = {6},
	Year = {2005}}

@inproceedings{spark,
	Acmid = {1863113},
	Address = {Berkeley, CA, USA},
	Author = {Zaharia and Matei and Chowdhury and Mosharaf and Franklin and {J. Michael} and Shenker and Scott and Stoica and Ion},
	Booktitle = {Proceedings of the 2Nd USENIX Conference on Hot Topics in Cloud Computing},
	Date-Added = {2015-01-08 16:46:49 +0000},
	Date-Modified = {2015-01-08 16:47:04 +0000},
	Location = {Boston, MA},
	Numpages = {1},
	Pages = {10--10},
	Publisher = {USENIX Association},
	Series = {HotCloud'10},
	Timestamp = {2015.01.09},
	Title = {Spark: cluster computing with working sets},
	Year = {2010}}

@misc{zookeeper,
	Author = {Zookeeper},
	Timestamp = {2015.01.09},
	Title = {http://zookeeper.apache.org/}}
